<?xml version="1.0" encoding="UTF-8"?><collection xmlns="http://www.loc.gov/MARC21/slim"><record><leader>00516nam--2200193-i-4500</leader><controlfield tag="001">000013795</controlfield><controlfield tag="002">20161230</controlfield><controlfield tag="005">20170206155309</controlfield><controlfield tag="008">060222s1000------------r-----000-0-eng-d</controlfield><datafield ind1=" " ind2=" " tag="080"><subfield code="a">539.171.02(047.3)</subfield></datafield><datafield ind1=" " ind2=" " tag="100"><subfield code="a">Adib, M</subfield></datafield><datafield ind1=" " ind2=" " tag="245"><subfield code="a">The total neutron cross-sections of 151 eu 153eu and eu below 1 mev</subfield></datafield><datafield ind1=" " ind2=" " tag="260"><subfield code="a">Vienna</subfield><subfield code="b">International Atomic Energy Agency</subfield><subfield code="c">1980</subfield></datafield><datafield ind1=" " ind2=" " tag="300"><subfield code="a">14 p</subfield></datafield><datafield ind1=" " ind2=" " tag="490"><subfield code="a">Indc(Egy)</subfield></datafield><datafield ind1=" " ind2=" " tag="500"><subfield code="a">1/L</subfield></datafield><datafield ind1=" " ind2=" " tag="700"><subfield code="a">Moayouf, R. M. A</subfield></datafield><datafield ind1=" " ind2=" " tag="852"><subfield code="a">58818</subfield></datafield><datafield ind1=" " ind2=" " tag="CAT"><subfield code="a">SYS</subfield><subfield code="c">20170206</subfield><subfield code="h">155309</subfield></datafield></record></collection>